@article{gatys2016,
  author  = {Leon A. Gatys and Alexander S. Ecker and Matthias Bethge},
  title   = {Image Style Transfer Using Convolutional Neural Networks},
  journal = {Proceedings of the IEEE Conference on Computer Vision and Pattern Recognition (CVPR)},
  year    = {2016},
  pages   = {2414--2423}
}

@article{simon2014vgg,
  title={Very Deep Convolutional Networks for Large-Scale Image Recognition},
  author={Simonyan, Karen and Zisserman, Andrew},
  journal={arXiv preprint arXiv:1409.1556},
  year={2014},
  url={https://arxiv.org/abs/1409.1556}
}